<record><leader>00000cas a22000007a 4500</leader><controlfield tag="001">25971701</controlfield><controlfield tag="008">920608d191u1916wyuwr ne      0    0eng d</controlfield><datafield ind1=" " ind2=" " tag="010"><subfield code="a">sn 92067087 </subfield></datafield><datafield ind1=" " ind2=" " tag="040"><subfield code="a">NVO</subfield><subfield code="b">eng</subfield><subfield code="c">NVO</subfield><subfield code="d">OCLCQ</subfield></datafield><datafield ind1=" " ind2=" " tag="042"><subfield code="a">msc</subfield></datafield><datafield ind1="0" ind2="0" tag="245"><subfield code="a">Riverton chronicle and the Lander eagle.</subfield></datafield><datafield ind1="3" ind2="0" tag="246"><subfield code="a">Riverton chronicle</subfield></datafield><datafield ind1=" " ind2=" " tag="260"><subfield code="a">Riverton, Wyo. :</subfield><subfield code="b">W.H.J. Bowey</subfield></datafield><datafield ind1=" " ind2=" " tag="300"><subfield code="a">v.</subfield></datafield><datafield ind1=" " ind2=" " tag="310"><subfield code="a">Weekly</subfield></datafield><datafield ind1="0" ind2=" " tag="362"><subfield code="a">-v. 2, no. 11 (July 13, 1916).</subfield></datafield><datafield ind1=" " ind2=" " tag="515"><subfield code="a">Also continues numbering of the Lander eagle.</subfield></datafield><datafield ind1=" " ind2=" " tag="588"><subfield code="a">Description based on: Vol. 2, no. 1 (May 4, 1916).</subfield></datafield><datafield ind1=" " ind2="4" tag="651"><subfield code="a">Riverton (Wyo.)</subfield><subfield code="v">Newspapers.</subfield></datafield><datafield ind1=" " ind2="4" tag="651"><subfield code="a">Lander (Wyo.)</subfield><subfield code="v">Newspapers.</subfield></datafield><datafield ind1=" " ind2="4" tag="651"><subfield code="a">Fremont County (Wyo.)</subfield><subfield code="v">Newspapers.</subfield></datafield><datafield ind1=" " ind2=" " tag="752"><subfield code="a">United States</subfield><subfield code="b">Wyoming</subfield><subfield code="c">Fremont</subfield><subfield code="d">Riverton.</subfield></datafield><datafield ind1="0" ind2="4" tag="780"><subfield code="t">Riverton chronicle</subfield></datafield><datafield ind1="0" ind2="4" tag="780"><subfield code="t">Lander eagle</subfield><subfield code="w">(DLC)sn 92067086</subfield></datafield><datafield ind1="0" ind2="0" tag="785"><subfield code="t">Riverton chronicle (Riverton, Wyo. : 1916)</subfield><subfield code="w">(DLC)sn 92067088</subfield></datafield></record>